% This file was created with JabRef 2.7b.
% Encoding: UTF-8

@UNPUBLISHED{Bandyopadhyay2014,
  author = {Somshubhro Bandyopadhyay and Alessandro Cosentino and Nathaniel Johnston
	and Vincent Russo and John Watrous and Nengkun Yu},
  title = {Limitations on separable measurements by convex optimization},
  note = {preprint, arXiv:1408.6981v1 [quant-ph]},
  month = {August},
  year = {2014},
  owner = {acosenti},
  timestamp = {2014.11.13},
  url = {http://arxiv.org/pdf/1408.6981v1}
}

@ARTICLE{Cosentino2013,
  author = {Cosentino, Alessandro},
  title = {Positive-partial-transpose-indistinguishable states via semidefinite
	programming},
  journal = {Phys. Rev. A},
  year = {2013},
  volume = {87},
  pages = {012321},
  month = {Jan},
  doi = {10.1103/PhysRevA.87.012321},
  issue = {1},
  numpages = {7},
  publisher = {American Physical Society},
  url = {http://link.aps.org/doi/10.1103/PhysRevA.87.012321}
}

@INPROCEEDINGS{Cosentino2013a,
  author = {Alessandro Cosentino and Robin Kothari and Adam Paetznick},
  title = {{Dequantizing Read-once Quantum Formulas}},
  booktitle = {8th Conference on the Theory of Quantum Computation, Communication
	and Cryptography (TQC 2013)},
  year = {2013},
  editor = {Simone Severini and Fernando Brandao},
  volume = {22},
  series = {Leibniz International Proceedings in Informatics (LIPIcs)},
  pages = {80--92},
  address = {Dagstuhl, Germany},
  publisher = {Schloss Dagstuhl--Leibniz-Zentrum fuer Informatik},
  annote = {Keywords: formulas, dequantization, circuit complexity},
  doi = {http://dx.doi.org/10.4230/LIPIcs.TQC.2013.80},
  isbn = {978-3-939897-55-2},
  issn = {1868-8969},
  url = {http://drops.dagstuhl.de/opus/volltexte/2013/4319},
  urn = {urn:nbn:de:0030-drops-43197}
}

@UNPUBLISHED{Cosentino2014a,
  author = {Alessandro Cosentino and Robin Kothari and John Watrous},
  title = {Query-witness tradeoffs in quantum computation},
  note = {manuscript},
  month = {November},
  year = {2014},
  owner = {acosenti},
  timestamp = {2014.11.13}
}

@ARTICLE{Cosentino2014,
  author = {Alessandro Cosentino and Vincent Russo},
  title = {Small sets of locally indistinguishable orthogonal maximally entangled states},
  journal = {Quantum Information \& Computation},
  year = {2014},
  volume = {14},
  pages = {1098-1106},
  number = {13\&14},
  owner = {acosenti},
  timestamp = {2014.11.13}
}

@ARTICLE{Cosentino2009,
  author = {Cosentino, Alessandro and Severini, Simone},
  title = {Weight of quadratic forms and graph states},
  journal = {Phys. Rev. A},
  year = {2009},
  volume = {80},
  pages = {052309},
  month = {Nov},
  doi = {10.1103/PhysRevA.80.052309},
  issue = {5},
  numpages = {6},
  publisher = {American Physical Society},
  url = {http://link.aps.org/doi/10.1103/PhysRevA.80.052309}
}

@comment{jabref-meta: selector_publisher:}

@comment{jabref-meta: selector_author:}

@comment{jabref-meta: selector_journal:}

@comment{jabref-meta: selector_keywords:}

